@article{t3,
title = "Tastes, ties, and time: A new social network dataset using Facebook.com ",
journal = "Social Networks ",
volume = "30",
number = "4",
pages = "330 - 342",
year = "2008",
issn = "0378-8733",
doi = "http://dx.doi.org/10.1016/j.socnet.2008.07.002",
url = "http://www.sciencedirect.com/science/article/pii/S0378873308000385",
author = "Kevin Lewis and Jason Kaufman and Marco Gonzalez and Andreas Wimmer and Nicholas Christakis",
keywords = "Internet",
keywords = "Network data",
keywords = "Facebook",
keywords = "Culture",
keywords = "Race/ethnicity",
keywords = "Higher education",
keywords = "Tastes "
}

@article{t3followup1,
 ISSN = {00029602, 15375390},
 URL = {http://www.jstor.org/stable/10.1086/653658},
 author = {Andreas Wimmer, Kevin Lewis},
 journal = {American Journal of Sociology},
 number = {2},
 pages = {583-642},
 publisher = {The University of Chicago Press},
 title = {Beyond and Below Racial Homophily: ERG Models of a Friendship Network Documented on Facebook},
 volume = {116},
 year = {2010}
}

@article{t3followup2,
author={Lewis, K. and Gonzalez, M. and Kaufman, J.},
title={Social selection and peer influence in an online social network},
volume={109},
urldate={2016-10-9},
DOI={10.1073/pnas.1109739109},
number={1},
journal={Proceedings of the National Academy of Sciences},
year={2011},
pages={68-72}
}

@article{chillingeffects,
author={Jon Penney},
title={CHILLING EFFECTS: ONLINE SURVEILLANCE AND WIKIPEDIA USE},
volume={31},
number={1},
journal={Berkeley Technology Law Journal},
year={2016},
pages={117}
}

@TECHREPORT{belmont,
 author = {National Commission for the Protection of Human Subjects of Biomedical and Behavioral Research},
 keywords = {belmont, guidelines, human-subjects, ire, taskr},
 posted-at = {2009-04-19 21:53:42},
 title = {Belmont Report: Ethical Principles and Guidelines for the Protection of Human Subjects of Research, Report of the National Commission for the Protection of Human Subjects of Biomedical and Behavioral Research},
 url = {http://ohsr.od.nih.gov/guidelines/belmont.html}
}

@TECHREPORT{menlo,
 Author = {Dittrich, D. and Kenneally, E.}, 
 Title = {{The Menlo Report: Ethical Principles Guiding Information and Communication Technology Research}},
 Institution = {U.S. Department of Homeland Security},
 Month = {Aug},
 Year = {2012},
  Keywords = {data sharing   overview   policy}
}

@Article{zimethics,
author="Zimmer, Michael",
title="But the data is already public'': on the ethics of research in Facebook",
journal="Ethics and Information Technology",
year="2010",
volume="12",
number="4",
pages="313--325",
issn="1572-8439",
doi="10.1007/s10676-010-9227-5",
url="http://dx.doi.org/10.1007/s10676-010-9227-5"
}

@Book{bitbybit,
author = {Matthew J. Salganik},
title = {Bit By Bit: Social Research in the Digital Age},
publisher = {http://www.bitbybitbook.com/},
year = {2016},
note = {unpublished},
}

@misc{zimmerblog,
author={Zimmer, Michael},
title={On the "Anonymity" of the Facebook Dataset (Updated)},
url={http://michaelzimmer.org/2008/09/30/on-the-anonymity-of-the-facebook-dataset/},
urldate={2016-10-9},
journal={Michael Zimmer},
year={2008}
}

@misc{zimmerblogcomment,
author={Jason Kaufman},
title={comment: On the "Anonymity" of the Facebook Dataset (Updated)},
url={http://michaelzimmer.org/2008/09/30/on-the-anonymity-of-the-facebook-dataset/},
urldate={2016-10-9},
journal={Michael Zimmer},
year={2008}
}



@Misc{t3site,
author = {Harvard Dataverse},
title = {https://dataverse.harvard.edu/dataverse/t3},
howpublished = {website},
year = {2016},
OPTnote = {â€¢},
}
