@book{RefWorks:doc:5a123897e4b03a0f9025164b,
	author={Deborah Goldberg},
	year={2002},
	title={Public Funding of Judicial Elections: Financing Campaigns for Fair and Impartial Courts},
	publisher={Brennan Center for Justice at NYU School of Law}
}
@techreport{RefWorks:doc:5a122d77e4b0eb1ce06105c1,
	author={Jonathan Motl},
	year={2014},
	month={10/29/},
	title={Decision Finding Sufficient Facts to Demonstrate a Violation of Montana's Campaign Practice Laws}
}
@book{RefWorks:doc:59e29742e4b07e3b24389bc5,
	author={Matthew J. Salganik},
	year={2017},
	title={Bit by Bit: Social Research in the Digital Age},
	publisher={Princeton University Press}
}
